% This file was created with JabRef 2.10.
% Encoding: UTF8


@Other{anoun2007approche,
  Title                    = {Approche logique des grammaires pour les langues naturelles},
  Author                   = {Anoun, Houda},
  School                   = {Universit{\'e} Sciences et Technologies-Bordeaux I},
  Year                     = {2007}
}

@InProceedings{capelletti2009parsing,
  Title                    = {Parsing with non-associative Lambek grammars.},
  Author                   = {Capelletti, Matteo},
  Booktitle                = {Parsing with Categorial Grammars Workshop ESSLLI 2009 Bordeaux, France Book of Abstracts},
  Year                     = {2009},

  Langid                   = {english}
}

@InProceedings{chatzikyriakidis2014natural,
  Title                    = {Natural language reasoning using proof-assistant technology: Rich typing and beyond},
  Author                   = {Chatzikyriakidis, Stergios and Luo, Zhaohui},
  Booktitle                = {EACL 2014 TTNLS Workshop},
  Year                     = {2014},
  Pages                    = {37--45}
}

@Article{clark2007wide,
  Title                    = {Wide-coverage efficient statistical parsing with CCG and log-linear models.},
  Author                   = {Clark, Stephen and Curran, James R},
  Journal                  = {Computational Linguistics},
  Year                     = {2007},
  Number                   = {4},
  Volume                   = {33},

  Langid                   = {english},
  Publisher                = {MIT Press}
}

@Article{coquand1988calculus,
  Title                    = {The calculus of constructions},
  Author                   = {Coquand, Thierry and Huet, Gerard},
  Journal                  = {Information and computation},
  Year                     = {1988},
  Number                   = {2},
  Pages                    = {95--120},
  Volume                   = {76},

  Publisher                = {Elsevier}
}

@Article{hockenmaier2007ccgbank,
  Title                    = {CCGbank: a corpus of CCG derivations and dependency structures extracted from the Penn Treebank.},
  Author                   = {Hockenmaier, Julia and Steedman, Mark},
  Journal                  = {Computational Linguistics},
  Year                     = {2007},
  Number                   = {3},
  Volume                   = {33},

  Langid                   = {english},
  Publisher                = {MIT Press}
}

@InProceedings{konig1989parsing,
  Title                    = {Parsing as natural deduction.},
  Author                   = {K{\"o}nig, Esther},
  Booktitle                = {Proceedings of the 27th annual meeting on Association for Computational Linguistics},
  Year                     = {1989},
  Organization             = {Association for Computational Linguistics},

  Langid                   = {english}
}

@Book{kallmeyer2010parsing,
  Title                    = {Parsing beyond context-free grammars.},
  Author                   = {Kallmeyer, Laura},
  Publisher                = {Springer Science \& Business Media},
  Year                     = {2010},

  Langid                   = {english}
}

@Article{lambek1961calculus,
  Title                    = {On the calculus of syntactic types.},
  Author                   = {Lambek, Joachim},
  Journal                  = {Structure of language and its mathematical aspects},
  Year                     = {1961},
  Volume                   = {166},

  Langid                   = {english},
  Publisher                = {Providence, RI: American Mathematical Society}
}

@Article{lambek1958mathematics,
  Title                    = {The mathematics of sentence structure.},
  Author                   = {Lambek, Joachim},
  Journal                  = {American mathematical monthly},
  Year                     = {1958},

  Langid                   = {english},
  Publisher                = {JSTOR}
}

@Book{moot2012logic,
  Title                    = {The logic of categorial grammars: a deductive account of natural language syntax and semantics.},
  Author                   = {Moot, Richard and Retor{\'e}, Christian},
  Publisher                = {Springer},
  Year                     = {2012},

  Langid                   = {english}
}

@Other{moot2002proof,
  Title                    = {Proof nets for lingusitic analysis.},
  Author                   = {Moot, Richard Cornelis Antonius},
  Langid                   = {english},
  Year                     = {2002}
}

@Article{morrill2012catlog,
  Title                    = {Catlog: A categorial parser/theorem-prover},
  Author                   = {Morrill, Glyn and London, QMUL},
  Journal                  = {LACL 2012},
  Year                     = {2012},
  Pages                    = {13}
}

@InProceedings{pereira1983parsing,
  Title                    = {Parsing as deduction.},
  Author                   = {Pereira, Fernando and Warren, David},
  Booktitle                = {Proceedings of the 21st annual meeting on Association for Computational Linguistics},
  Year                     = {1983},
  Organization             = {Association for Computational Linguistics},

  Langid                   = {english}
}

@Article{granovsky2010opencorpora,
  Title                    = {Открытый корпус: принципы работы и перспективы},
  Author                   = {Грановский, Д.~В. and Бочаров, В.~В. and Бичинева, С.~В.},
  Year                     = {2010},

  Editor                   = {В.Ш. Рубашкин},
  Journaltitle             = {Компьютерная лингвистика и развитие семантического поиска в Интернете: Труды научного семинара XIII Всероссийской объединенной конференции «Интернет и современное общество». Санкт-Петербург, 19–22 октября 2010 г.},
  Langid                   = {russian}
}

