% This file was created with JabRef 2.10.
% Encoding: UTF8


@Book{asher2011lexical,
  Title                    = {Lexical meaning in context: A web of words},
  Author                   = {Asher, Nicholas},
  Publisher                = {Cambridge University Press},
  Year                     = {2011}
}

@InCollection{pustejovsky2013type,
  Title                    = {Type theory and lexical decomposition},
  Author                   = {Pustejovsky, James},
  Booktitle                = {Advances in generative lexicon theory},
  Publisher                = {Springer},
  Year                     = {2013},
  Pages                    = {9--38}
}

@Book{paducheva2014dynamic,
  Title                    = {Динамические модели в семантике лексики},
  Author                   = {Падучева, Елена},
  Publisher                = {Litres},
  Year                     = {2014}
}

